%% Obtained via the getNewBibTeX script and the SPIRES biblio service

@article{Cacciari:2011ma,
      author         = "Cacciari, Matteo and Salam, Gavin P. and Soyez, Gregory",
      title          = "{FastJet User Manual}",
      journal        = "Eur. Phys. J.",
      volume         = "C72",
      year           = "2012",
      pages          = "1896",
      doi            = "10.1140/epjc/s10052-012-1896-2",
      eprint         = "1111.6097",
      archivePrefix  = "arXiv",
      primaryClass   = "hep-ph",
      reportNumber   = "CERN-PH-TH-2011-297",
      SLACcitation   = "%%CITATION = ARXIV:1111.6097;%%"
}

@article{Cacciari:2005hq,
      author         = "Cacciari, Matteo and Salam, Gavin P.",
      title          = "{Dispelling the $N^{3}$ myth for the $k_t$ jet-finder}",
      journal        = "Phys. Lett.",
      volume         = "B641",
      year           = "2006",
      pages          = "57-61",
      doi            = "10.1016/j.physletb.2006.08.037",
      eprint         = "hep-ph/0512210",
      archivePrefix  = "arXiv",
      primaryClass   = "hep-ph",
      reportNumber   = "LPTHE-05-32",
      SLACcitation   = "%%CITATION = HEP-PH/0512210;%%"
}

@Misc{hepthesis,
     author = "Buckley, Andy",
     title  = "The hepthesis {\LaTeX} class"
}

@article{PhysRevLett.39.1436,
  title = {Jets from Quantum Chromodynamics},
  author = {Sterman, George and Weinberg, Steven},
  journal = {Phys. Rev. Lett.},
  volume = {39},
  issue = {23},
  pages = {1436--1439},
  numpages = {0},
  year = {1977},
  month = {Dec},
  publisher = {American Physical Society},
  doi = {10.1103/PhysRevLett.39.1436},
  url = {http://link.aps.org/doi/10.1103/PhysRevLett.39.1436}
}

@article{Moretti:1998qx,
      author         = "Moretti, Stefano and Lonnblad, Leif and Sjostrand,
                        Torbjorn",
      title          = "{New and old jet clustering algorithms for electron -
                        positron events}",
      journal        = "JHEP",
      volume         = "08",
      year           = "1998",
      pages          = "001",
      doi            = "10.1088/1126-6708/1998/08/001",
      eprint         = "hep-ph/9804296",
      archivePrefix  = "arXiv",
      primaryClass   = "hep-ph",
      reportNumber   = "RAL-TR-98-033, RAL-TR-1998-033, LU-TP-98-7",
      SLACcitation   = "%%CITATION = HEP-PH/9804296;%%"
}

@article{Salam:2009jx,
      author         = "Salam, Gavin P.",
      title          = "{Towards Jetography}",
      booktitle      = "{2008 CTEQ-MCnet Summer School on QCD Phenomenology and
                        Monte Carlo Event Generators (MCnet 08) (CTEQ 08)
                        Debrecen, Hungary, August 8-16, 2008}",
      journal        = "Eur. Phys. J.",
      volume         = "C67",
      year           = "2010",
      pages          = "637-686",
      doi            = "10.1140/epjc/s10052-010-1314-6",
      eprint         = "0906.1833",
      archivePrefix  = "arXiv",
      primaryClass   = "hep-ph",
      SLACcitation   = "%%CITATION = ARXIV:0906.1833;%%"
}

@article{Ali:2010tw,
      author         = "Ali, Ahmed and Kramer, Gustav",
      title          = "{Jets and QCD: A Historical Review of the Discovery of
                        the Quark and Gluon Jets and its Impact on QCD}",
      journal        = "Eur. Phys. J.",
      volume         = "H36",
      year           = "2011",
      pages          = "245-326",
      doi            = "10.1140/epjh/e2011-10047-1",
      eprint         = "1012.2288",
      archivePrefix  = "arXiv",
      primaryClass   = "hep-ph",
      reportNumber   = "DESY-10-215",
      SLACcitation   = "%%CITATION = ARXIV:1012.2288;%%"
}

@article{Catani:1993hr,
      author         = "Catani, S. and Dokshitzer, Yuri L. and Seymour, M. H. and
                        Webber, B. R.",
      title          = "{Longitudinally invariant $K_t$ clustering algorithms for
                        hadron hadron collisions}",
      journal        = "Nucl. Phys.",
      volume         = "B406",
      year           = "1993",
      pages          = "187-224",
      doi            = "10.1016/0550-3213(93)90166-M",
      reportNumber   = "CERN-TH-6775-93, LU-TP-93-2",
      SLACcitation   = "%%CITATION = NUPHA,B406,187;%%"
}

@article{Ellis:1993tq,
      author         = "Ellis, Stephen D. and Soper, Davison E.",
      title          = "{Successive combination jet algorithm for hadron
                        collisions}",
      journal        = "Phys. Rev.",
      volume         = "D48",
      year           = "1993",
      pages          = "3160-3166",
      doi            = "10.1103/PhysRevD.48.3160",
      eprint         = "hep-ph/9305266",
      archivePrefix  = "arXiv",
      primaryClass   = "hep-ph",
      reportNumber   = "CERN-TH-6860-93",
      SLACcitation   = "%%CITATION = HEP-PH/9305266;%%"
}
